@misc{gplv3,
    author       = {Free Software Foundation},
    title        = {{GNU} {G}eneral {P}ublic {L}icense},
    version      = {3},
	howpublished = {\url{http://www.gnu.org/licenses/gpl.html}},
    shorthand    = {GPL},
}

@misc{json,
	author       = {w3schools}, 
	title        = {JavaScript Object Notation},
	howpublished = {\url{https://www.w3schools.com/js/js_json_intro.asp}}
}

@misc{npm,
	author       = {npm, Inc.}, 
	title        = {Build amazing things},
	howpublished = {\url{https://www.npmjs.com/}}
}

@misc{scrum,
	author       = {Scrum Manager}, 
	title        = {Troncal I. Scrum Master},
	howpublished = {\url{http://scrummanager.net/files/scrum_manager.pdf}}
}

@misc{personas,
	author       = {Rikke Friis Dam}, 
	title        = {Personas – a simple introduction},
	howpublished = {\url{
[7] Rikke Friis Dam. Personas – a simple introduction. https://www.interaction-design.org/literature/article/personas-why-and-how-you-should-use-them}}
}

@misc{agile,
	author       = {Kent Beck, James Grenning and others}, 
	title        = {Manifesto for Agile Software Development},
	howpublished = {\url{https://agilemanifesto.org}}
}

@book{TDD,
	author       = {Kent Beck},
	title        = {Test Driven Development: By Example},
	year         = {2002},
	publisher	 = {Addison-Wesley Professional},
	edition		 = {1}
}

@misc{kanban,
	author       = {Eric Brechner}, 
	title        = {Agile Project Management with Kanban},
	year         = {2015},
	publisher	 = {Microsoft Press},
	edition		 = {1}
}

@misc{client-server,
	author       = {Wikipedia}, 
	title        = {Cliente Servidor},
	howpublished = {\url{https://es.wikipedia.org/wiki/Cliente-servidor}}
}

@misc{python,
	author       = {Python TM}, 
	title        = {Python},
	howpublished = {\url{https://www.python.org/about/}}
}

@misc{poetry,
	author       = {Python-poetry}, 
	title        = {Python packaging and dependency management made easy},
	howpublished = {\url{https://python-poetry.org/}}
}

@misc{pytest,
	author       = {Pytest}, 
	title        = {Pytest},
	howpublished = {\url{https://docs.pytest.org/en/7.1.x/}}
}

@misc{flask,
	author       = {Pallets projects}, 
	title        = {Web development, one drop at a time},
	howpublished = {\url{https://flask.palletsprojects.com/en/2.2.x/}}
}

@misc{rest,
	author       = {Wikipedia}, 
	title        = {REST},
	howpublished = {\url{https://en.wikipedia.org/wiki/Representational_state_transfer}}
}

@misc{mongodb,
	author       = {MongoDB, Inc.}, 
	title        = {Build faster. Build smarter.},
	howpublished = {\url{https://www.mongodb.com}}
}

@misc{mongoatlas,
	author       = {MongoDB, Inc.}, 
	title        = {MongoDB Atlas},
	howpublished = {\url{hthttps://www.mongodb.com/atlas}}
}

@misc{dbaas,
	author       = {IBM Cloud Education}, 
	title        = {DBaaS (Database-as-a-Service)},
	howpublished = {\url{https://www.ibm.com/cloud/learn/dbaas}}
}

@misc{jwt,
	author       = {Auth0}, 
	title        = {JSON Web Tokens},
	howpublished = {\url{https://jwt.io}}
}

@misc{angular,
	author       = {Google}, 
	title        = {The modern web developer's platform},
	howpublished = {\url{https://angular.io}}
}

@misc{vue,
	author       = {Evan You}, 
	title        = {The Progressive JavaScript Framework},
	howpublished = {\url{https://vuejs.org}}
}

@misc{react,
	author       = {Meta Platforms, Inc.}, 
	title        = {A JavaScript library for building user interfaces},
	howpublished = {\url{https://reactjs.org}}
}

@misc{javascript,
	author       = {Wikipedia, the free encyclopedia}, 
	title        = {Javascript},
	howpublished = {\url{https://en.wikipedia.org/wiki/JavaScript}}
}

@misc{typescript,
	author       = {Microsoft}, 
	title        = {TypeScript is JavaScript with syntax for types.},
	howpublished = {\url{https://www.typescriptlang.org}}
}

@misc{angularmaterial,
	author       = {Google LLC}, 
	title        = {Material Design components for Angular},
	howpublished = {\url{https://material.angular.io}}
}

@misc{ionic,
	author       = {Ionic}, 
	title        = {Build iOS \& Android apps from a single codebase},
	howpublished = {\url{https://ionicframework.com/angular}}
}

@misc{jsx,
	author       = {Meta Platforms, Inc.}, 
	title        = {JSX},
	howpublished = {\url{https://reactjs.org/docs/introducing-jsx.html}}
}

@misc{heroku,
	author       = {Salesforce}, 
	title        = {Heroku},
	howpublished = {\url{https://www.heroku.com/what}}
}

@misc{aws,
	author       = {Amazon Web Services}, 
	title        = {AWS},
	howpublished = {\url{https://aws.amazon.com}}
}

@misc{azure,
	author       = {Microsoft}, 
	title        = {Azure. Invent with purpose},
	howpublished = {\url{https://azure.microsoft.com}}
}

@misc{gunicorn,
	author       = {Benoit Chesneau}, 
	title        = {Gunicorn},
	howpublished = {\url{https://gunicorn.org}}
}
